% Encoding: UTF-8

@InProceedings{Sainath2010,
  author    = {Tara N. Sainath and Sameer Maskey and Dimitri Kanevsky and Bhuvana Ramabhadran and David Nahamoo and Julia Hirschberg},
  booktitle = {{INTERSPEECH} 2010, 11th Annual Conference of the International Speech Communication Association, Makuhari, Chiba, Japan, September 26-30, 2010},
  title     = {Sparse representations for text categorization},
  year      = {2010},
  editor    = {Takao Kobayashi and Keikichi Hirose and Satoshi Nakamura},
  pages     = {2266--2269},
  publisher = {{ISCA}},
  bibsource = {dblp computer science bibliography, https://dblp.org},
  biburl    = {https://dblp.org/rec/conf/interspeech/SainathMKRNH10.bib},
  doi       = {10/i10},
  id        = {224 - Sparse Representations for Text Categorization},
}

@InProceedings{Sharma2016,
  author       = {Sharma, Neeraj and Sharma, Anshu and Thenkanidiyoor, Veena and Dileep, AD},
  booktitle    = {2016 4th International Symposium on Computational and Business Intelligence (ISCBI)},
  title        = {Text classification using combined sparse representation classifiers and support vector machines},
  year         = {2016},
  organization = {IEEE},
  pages        = {181--185},
  id           = {228 - Text Classification Using Combined Sparse Representation Classifiers and Support},
}

@Article{Unnikrishnan2019,
  author    = {P. Unnikrishnan and V. K. Govindan and S. D. Madhu Kumar},
  journal   = {Expert Systems with Applications},
  title     = {Enhanced sparse representation classifier for text classification},
  year      = {2019},
  pages     = {260--272},
  volume    = {129},
  bibsource = {dblp computer science bibliography, https://dblp.org},
  biburl    = {https://dblp.org/rec/journals/eswa/UnnikrishnanGK19.bib},
  doi       = {10.1016/j.eswa.2019.04.003},
  id        = {100 - Enhanced sparse representation classifier for text classification},
}

@InProceedings{Sharma2017a,
  author       = {Sharma, Neeraj and Dileep, Aroor Dinesh and Thenkanidiyoor, Veena},
  booktitle    = {2017 16th IEEE International Conference on Machine Learning and Applications (ICMLA)},
  title        = {Text Classification Using Hierarchical Sparse Representation Classifiers},
  year         = {2017},
  organization = {IEEE},
  pages        = {1015--1019},
  id           = {229 - Text Classification using Hierarchical Sparse},
}

@InProceedings{Lo2012,
  author    = {Sio{-}Long Lo and Liya Ding},
  booktitle = {International Conference on Machine Learning and Cybernetics, {ICMLC} 2012, Xian, Shaanxi, China, July 15-17, 2012, Proceedings},
  title     = {Probabilistic reasoning on background net: An application to text categorization},
  year      = {2012},
  pages     = {688--694},
  publisher = {{IEEE}},
  bibsource = {dblp computer science bibliography, https://dblp.org},
  biburl    = {https://dblp.org/rec/conf/icmlc/LoD12.bib},
  doi       = {10.1109/ICMLC.2012.6359008},
  id        = {17 - Probabilistic reasoning on background net An application to text categorization},
}

@InProceedings{Pappagari2018,
  author    = {Raghavendra Pappagari and Jes{\'{u}}s Villalba and Najim Dehak},
  booktitle = {2018 {IEEE} International Conference on Acoustics, Speech and Signal Processing, {ICASSP} 2018, Calgary, AB, Canada, April 15-20, 2018},
  title     = {Joint Verification-Identification in end-to-end Multi-Scale {CNN} Framework for Topic Identification},
  year      = {2018},
  pages     = {6199--6203},
  publisher = {{IEEE}},
  bibsource = {dblp computer science bibliography, https://dblp.org},
  biburl    = {https://dblp.org/rec/conf/icassp/PappagariVD18.bib},
  doi       = {10.1109/ICASSP.2018.8461673},
  id        = {200 - Joint Verification-Identification in end-to-end Multi-Scale CNN Framework for Topic Identification},
}

@InProceedings{Salakhutdinov2009,
  author    = {Ruslan Salakhutdinov and Geoffrey E. Hinton},
  booktitle = {Advances in Neural Information Processing Systems 22: 23rd Annual Conference on Neural Information Processing Systems 2009. Proceedings of a meeting held 7-10 December 2009, Vancouver, British Columbia, Canada},
  title     = {Replicated Softmax: an Undirected Topic Model},
  year      = {2009},
  editor    = {Yoshua Bengio and Dale Schuurmans and John D. Lafferty and Christopher K. I. Williams and Aron Culotta},
  pages     = {1607--1614},
  publisher = {Curran Associates, Inc.},
  bibsource = {dblp computer science bibliography, https://dblp.org},
  biburl    = {https://dblp.org/rec/conf/nips/SalakhutdinovH09.bib},
  id        = {219 - Replicated Softmax an Undirected Topic Model},
  url       = {http://papers.nips.cc/paper/3856-replicated-softmax-an-undirected-topic-model},
}

@InProceedings{Li2015,
  author    = {Baoli Li and Qiuling Yan and Zhenqiang Xu and Guicai Wang},
  booktitle = {2015 International Conference on Asian Language Processing, {IALP} 2015, Suzhou, China, October 24-25, 2015},
  title     = {Weighted Document Frequency for feature selection in text classification},
  year      = {2015},
  pages     = {132--135},
  publisher = {{IEEE}},
  bibsource = {dblp computer science bibliography, https://dblp.org},
  biburl    = {https://dblp.org/rec/conf/ialp/LiYXW15.bib},
  doi       = {10.1109/IALP.2015.7451549},
  id        = {6 - Weighted Document Frequency for feature selection in text classification},
}

@Article{Tang2016,
  author    = {Bo Tang and Haibo He and Paul M. Baggenstoss and Steven Kay},
  journal   = {{IEEE} Transactions on Knowledge and Data Engineering},
  title     = {A Bayesian Classification Approach Using Class-Specific Features for Text Categorization},
  year      = {2016},
  number    = {6},
  pages     = {1602--1606},
  volume    = {28},
  bibsource = {dblp computer science bibliography, https://dblp.org},
  biburl    = {https://dblp.org/rec/journals/tkde/TangHBK16.bib},
  doi       = {10.1109/TKDE.2016.2522427},
  id        = {14 - A Bayesian Classification Approach Using Class-Specific  Features for Text Categorization},
}

@InProceedings{Xia2009,
  author    = {Xia, Feng and Jicun, Tian and Zhihui, Liu},
  booktitle = {Proceedings of the 6th International Conference on Fuzzy Systems and Knowledge Discovery - Volume 7},
  title     = {A Text Categorization Method Based on Local Document Frequency},
  year      = {2009},
  pages     = {468–471},
  publisher = {IEEE Press},
  series    = {FSKD’09},
  id        = {32 - A Text Categorization Method Based on Local Document Frequency},
  isbn      = {9781424445455},
  keywords  = {text categorization, local document frequency},
  location  = {Tianjin, China},
  numpages  = {4},
}

@InProceedings{Li2016,
  author    = {Baoli Li},
  booktitle = {2016 International Conference on Asian Language Processing, {IALP} 2016, Tainan, Taiwan, November 21-23, 2016},
  title     = {Importance weighted feature selection strategy for text classification},
  year      = {2016},
  editor    = {Minghui Dong and Yuen{-}Hsien Tseng and Yanfeng Lu and Liang{-}Chih Yu and Lung{-}Hao Lee and Chung{-}Hsien Wu and Haizhou Li},
  pages     = {344--347},
  publisher = {{IEEE}},
  bibsource = {dblp computer science bibliography, https://dblp.org},
  biburl    = {https://dblp.org/rec/conf/ialp/Li16c.bib},
  doi       = {10.1109/IALP.2016.7876002},
  id        = {33 - Importance weighted feature selection strategy for text classification},
}

@InProceedings{Rodrigues2014,
  author    = {Thiago Fredes Rodrigues and Paulo Martins Engel},
  booktitle = {2014 Brazilian Conference on Intelligent Systems, {BRACIS} 2014, Sao Paulo, Brazil, October 18-22, 2014},
  title     = {Probabilistic Clustering and Classification for Textual Data: An Online and Incremental Approach},
  year      = {2014},
  pages     = {288--293},
  publisher = {{IEEE} Computer Society},
  bibsource = {dblp computer science bibliography, https://dblp.org},
  biburl    = {https://dblp.org/rec/conf/bracis/RodriguesE14.bib},
  doi       = {10.1109/BRACIS.2014.59},
  id        = {44 - Probabilistic Clustering and Classification for Textual Data An Online and Incremental Approach},
}

@Article{Zong2015,
  author   = {Wei Zong and Feng Wu and Lap-Keung Chu and Domenic Sculli},
  journal  = {International Journal of Production Economics},
  title    = {A discriminative and semantic feature selection method for text categorization},
  year     = {2015},
  issn     = {0925-5273},
  pages    = {215 - 222},
  volume   = {165},
  doi      = {https://doi.org/10.1016/j.ijpe.2014.12.035},
  id       = {48 - A discriminative and semantic feature selection method},
  keywords = {Feature selection, Big data, Discriminative power, Semantic similarity, Text categorization, Support vector machine (SVM)},
  url      = {http://www.sciencedirect.com/science/article/pii/S0925527314004290},
}

@Article{Feng2015,
  author    = {Guozhong Feng and Jianhua Guo and Bing{-}Yi Jing and Tieli Sun},
  journal   = {Pattern Recognition Letters},
  title     = {Feature subset selection using naive Bayes for text classification},
  year      = {2015},
  pages     = {109--115},
  volume    = {65},
  bibsource = {dblp computer science bibliography, https://dblp.org},
  biburl    = {https://dblp.org/rec/journals/prl/FengGJS15.bib},
  doi       = {10.1016/j.patrec.2015.07.028},
  id        = {61 - Feature subset selection using naive Bayes for text classification},
}

@InProceedings{Kesiraju2016,
  author    = {Santosh Kesiraju and Luk{\'{a}}s Burget and Igor Sz{\"{o}}ke and Jan Cernock{\'{y}}},
  booktitle = {Interspeech 2016, 17th Annual Conference of the International Speech Communication Association, San Francisco, CA, USA, September 8-12, 2016},
  title     = {Learning Document Representations Using Subspace Multinomial Model},
  year      = {2016},
  editor    = {Nelson Morgan},
  pages     = {700--704},
  publisher = {{ISCA}},
  bibsource = {dblp computer science bibliography, https://dblp.org},
  biburl    = {https://dblp.org/rec/conf/interspeech/KesirajuBSC16.bib},
  doi       = {10.21437/Interspeech.2016-1634},
  id        = {204 - Learning document representations using subspace multinomial model},
}

@Article{Gomez2014,
  author    = {Juan{-}Carlos Gomez and Marie{-}Francine Moens},
  journal   = {Expert Systems with Applications},
  title     = {Minimizer of the Reconstruction Error for multi-class document categorization},
  year      = {2014},
  number    = {3},
  pages     = {861--868},
  volume    = {41},
  bibsource = {dblp computer science bibliography, https://dblp.org},
  biburl    = {https://dblp.org/rec/journals/eswa/GomezM14.bib},
  doi       = {10.1016/j.eswa.2013.08.016},
  id        = {56 - Minimizer of the Reconstruction Error for multi-class document},
}

@Article{Li2011,
  author    = {Zhixing Li and Zhongyang Xiong and Yufang Zhang and Chunyong Liu and Kuan Li},
  journal   = {Pattern Recognition Letters},
  title     = {Fast text categorization using concise semantic analysis},
  year      = {2011},
  number    = {3},
  pages     = {441--448},
  volume    = {32},
  bibsource = {dblp computer science bibliography, https://dblp.org},
  biburl    = {https://dblp.org/rec/journals/prl/LiXZLL11.bib},
  doi       = {10.1016/j.patrec.2010.11.001},
  id        = {49 - Fast text categorization using concise semantic analysis},
}

@InProceedings{Gliozzo2005,
  author    = {Alfio Massimiliano Gliozzo and Carlo Strapparava and Ido Dagan},
  booktitle = {{HLT/EMNLP} 2005, Human Language Technology Conference and Conference on Empirical Methods in Natural Language Processing, Proceedings of the Conference, 6-8 October 2005, Vancouver, British Columbia, Canada},
  title     = {Investigating Unsupervised Learning for Text Categorization Bootstrapping},
  year      = {2005},
  pages     = {129--136},
  publisher = {The Association for Computational Linguistics},
  bibsource = {dblp computer science bibliography, https://dblp.org},
  biburl    = {https://dblp.org/rec/conf/naacl/GliozzoSD05.bib},
  id        = {199 - Investigating Unsupervised Learning},
  url       = {https://www.aclweb.org/anthology/H05-1017/},
}

@TechReport{Rennie2003,
  author = {Rennie, Jason DM},
  title  = {On the value of leave-one-out cross-validation bounds},
  year   = {2003},
  id     = {212 - On The Value of Leave-One-Out},
  url    = {https://pdfs.semanticscholar.org/4f8e/c2f5b9d6dc1bbccf6d8c03730c3cec4e35f7.pdf},
}

@InProceedings{Larochelle2008,
  author    = {Hugo Larochelle and Yoshua Bengio},
  booktitle = {Machine Learning, Proceedings of the Twenty-Fifth International Conference {(ICML} 2008), Helsinki, Finland, June 5-9, 2008},
  title     = {Classification using discriminative restricted Boltzmann machines},
  year      = {2008},
  editor    = {William W. Cohen and Andrew McCallum and Sam T. Roweis},
  pages     = {536--543},
  publisher = {{ACM}},
  series    = {{ACM} International Conference Proceeding Series},
  volume    = {307},
  bibsource = {dblp computer science bibliography, https://dblp.org},
  biburl    = {https://dblp.org/rec/conf/icml/LarochelleB08.bib},
  doi       = {10.1145/1390156.1390224},
  id        = {1 - Classification using discriminative restricted Boltzmann machines},
}

@InProceedings{Hassaine2017,
  author    = {Abdelaali Hassa{\"{\i}}ne and Zeineb Safi and Jameela Al Otaibi and Ali Jaoua},
  booktitle = {14th {IEEE/ACS} International Conference on Computer Systems and Applications, {AICCSA} 2017, Hammamet, Tunisia, October 30 - Nov. 3, 2017},
  title     = {Text Categorization Using Weighted Hyper Rectangular Keyword Extraction},
  year      = {2017},
  pages     = {959--965},
  publisher = {{IEEE} Computer Society},
  bibsource = {dblp computer science bibliography, https://dblp.org},
  biburl    = {https://dblp.org/rec/conf/aiccsa/HassaineSOJ17.bib},
  doi       = {10.1109/AICCSA.2017.102},
  id        = {19 - Text Categorization Using Weighted Hyper Rectangular Keyword Extraction},
}

@InProceedings{Mazyad2017,
  author    = {Ahmad Mazyad and Fabien Teytaud and Cyril Fonlupt},
  booktitle = {Machine Learning, Optimization, and Big Data - Third International Conference, {MOD} 2017, Volterra, Italy, September 14-17, 2017, Revised Selected Papers},
  title     = {A Comparative Study on Term Weighting Schemes for Text Classification},
  year      = {2017},
  editor    = {Giuseppe Nicosia and Panos M. Pardalos and Giovanni Giuffrida and Renato Umeton},
  pages     = {100--108},
  publisher = {Springer},
  series    = {Lecture Notes in Computer Science},
  volume    = {10710},
  bibsource = {dblp computer science bibliography, https://dblp.org},
  biburl    = {https://dblp.org/rec/conf/mod/MazyadTF17.bib},
  doi       = {10.1007/978-3-319-72926-8\_9},
  id        = {77 -  A Comparative Study on Term Weighting Schemes for Text Classification},
  url       = {https://doi.org/10.1007/978-3-319-72926-8_9},
}

@InProceedings{Jin2016,
  author    = {Peng Jin and Yue Zhang and Xingyuan Chen and Yunqing Xia},
  booktitle = {Proceedings of the Twenty-Fifth International Joint Conference on Artificial Intelligence, {IJCAI} 2016, New York, NY, USA, 9-15 July 2016},
  title     = {Bag-of-Embeddings for Text Classification},
  year      = {2016},
  editor    = {Subbarao Kambhampati},
  pages     = {2824--2830},
  publisher = {{IJCAI/AAAI} Press},
  bibsource = {dblp computer science bibliography, https://dblp.org},
  biburl    = {https://dblp.org/rec/conf/ijcai/JinZCX16.bib},
  id        = {64 - Bag-of-Embeddings for Text Classification},
  url       = {http://www.ijcai.org/Abstract/16/401},
}

@InProceedings{Zheng2016,
  author    = {Suncong Zheng and Hongyun Bao and Jiaming Xu and Yuexing Hao and Zhenyu Qi and Hongwei Hao},
  booktitle = {2016 International Joint Conference on Neural Networks, {IJCNN} 2016, Vancouver, BC, Canada, July 24-29, 2016},
  title     = {A Bidirectional Hierarchical Skip-Gram model for text topic embedding},
  year      = {2016},
  pages     = {855--862},
  publisher = {{IEEE}},
  bibsource = {dblp computer science bibliography, https://dblp.org},
  biburl    = {https://dblp.org/rec/conf/ijcnn/ZhengBXHQH16.bib},
  doi       = {10.1109/IJCNN.2016.7727289},
  id        = {5 - A Bidirectional Hierarchical Skip-Gram model for text topic embedding},
}

@InProceedings{Chen2017,
  author    = {Yu Chen and Mohammed J. Zaki},
  booktitle = {Proceedings of the 23rd {ACM} {SIGKDD} International Conference on Knowledge Discovery and Data Mining, Halifax, NS, Canada, August 13 - 17, 2017},
  title     = {{KATE:} K-Competitive Autoencoder for Text},
  year      = {2017},
  pages     = {85--94},
  publisher = {{ACM}},
  bibsource = {dblp computer science bibliography, https://dblp.org},
  biburl    = {https://dblp.org/rec/conf/kdd/ChenZ17.bib},
  doi       = {10.1145/3097983.3098017},
  id        = {202 - KATE K-Competitive Autoencoder for Text},
}

@Article{Chen2016,
  author    = {Kewen Chen and Zuping Zhang and Jun Long and Hao Zhang},
  journal   = {Expert Systems with Applications},
  title     = {Turning from {TF-IDF} to {TF-IGM} for term weighting in text classification},
  year      = {2016},
  pages     = {245--260},
  volume    = {66},
  bibsource = {dblp computer science bibliography, https://dblp.org},
  biburl    = {https://dblp.org/rec/journals/eswa/ChenZLZ16.bib},
  doi       = {10.1016/j.eswa.2016.09.009},
  id        = {63 - Turning from TF-IDF to TF-IGM for term weighting in text},
}

@Article{Gao2018,
  author    = {Yang Gao and Wenbo Wang and Liu Qian and Heyan Huang and Yuefeng Li},
  journal   = {{IEEE} Access},
  title     = {Extending Embedding Representation by Incorporating Latent Relations},
  year      = {2018},
  pages     = {52682--52690},
  volume    = {6},
  bibsource = {dblp computer science bibliography, https://dblp.org},
  biburl    = {https://dblp.org/rec/journals/access/GaoWQHL18.bib},
  doi       = {10.1109/ACCESS.2018.2866531},
  id        = {23 - Extending Embedding Representation by Incorporating Latent Relations},
}

@InProceedings{Yan2008,
  author    = {Jun Yan and Ning Liu and Qiang Yang and Weiguo Fan and Zheng Chen},
  booktitle = {Proceedings of the 8th {IEEE} International Conference on Data Mining {(ICDM} 2008), December 15-19, 2008, Pisa, Italy},
  title     = {{TOFA:} Trace Oriented Feature Analysis in Text Categorization},
  year      = {2008},
  pages     = {668--677},
  publisher = {{IEEE} Computer Society},
  bibsource = {dblp computer science bibliography, https://dblp.org},
  biburl    = {https://dblp.org/rec/conf/icdm/YanLYFC08.bib},
  doi       = {10.1109/ICDM.2008.67},
  id        = {28 - TOFA Trace Oriented Feature Analysis in Text Categorization},
}

@Article{Luo2011,
  author    = {Qiming Luo and Enhong Chen and Hui Xiong},
  journal   = {Expert Systems with Applications},
  title     = {A semantic term weighting scheme for text categorization},
  year      = {2011},
  number    = {10},
  pages     = {12708--12716},
  volume    = {38},
  bibsource = {dblp computer science bibliography, https://dblp.org},
  biburl    = {https://dblp.org/rec/journals/eswa/LuoCX11.bib},
  doi       = {10.1016/j.eswa.2011.04.058},
  id        = {109 - A semantic term weighting scheme for text categorization},
}

@Article{Benites2017,
  author    = {Fernando Benites and Elena P. Sapozhnikova},
  journal   = {Neurocomputing},
  title     = {Improving scalability of {ART} neural networks},
  year      = {2017},
  pages     = {219--229},
  volume    = {230},
  bibsource = {dblp computer science bibliography, https://dblp.org},
  biburl    = {https://dblp.org/rec/journals/ijon/BenitesS17.bib},
  doi       = {10.1016/j.neucom.2016.12.022},
  id        = {55 - Improving scalability of ART neural networks},
}

@InCollection{Bramesh2019,
  author    = {Bramesh, SM and Kumar, KM Anil},
  booktitle = {Emerging Research in Electronics, Computer Science and Technology},
  publisher = {Springer},
  title     = {Empirical Study to Evaluate the Performance of Classification Algorithms on Public Datasets},
  year      = {2019},
  pages     = {447--455},
  id        = {65 - Empirical Study to Evaluate the Performance of Classification Algorithms on Public Datasets},
}

@InProceedings{Tesar2006,
  author    = {Roman Tesar and Vaclav Strnad and Karel Jezek and Massimo Poesio},
  booktitle = {Proceedings of the 2006 {ACM} Symposium on Document Engineering, Amsterdam, The Netherlands, October 10-13, 2006},
  title     = {Extending the single words-based document model: a comparison of bigrams and 2-itemsets},
  year      = {2006},
  editor    = {Dick C. A. Bulterman and David F. Brailsford},
  pages     = {138--146},
  publisher = {{ACM}},
  bibsource = {dblp computer science bibliography, https://dblp.org},
  biburl    = {https://dblp.org/rec/conf/doceng/TesarSJP06.bib},
  doi       = {10.1145/1166160.1166197},
  id        = {238 - Extending the Single Words-Based Document Model},
}

@Article{Jin2010,
  author    = {Xiaobo Jin and Cheng{-}Lin Liu and Xinwen Hou},
  journal   = {Pattern Recognition},
  title     = {Regularized margin-based conditional log-likelihood loss for prototype learning},
  year      = {2010},
  number    = {7},
  pages     = {2428--2438},
  volume    = {43},
  bibsource = {dblp computer science bibliography, https://dblp.org},
  biburl    = {https://dblp.org/rec/journals/pr/JinLH10.bib},
  doi       = {10.1016/j.patcog.2010.01.013},
  id        = {58 - Regularized margin-based conditional log-likelihood loss for prototype learning},
}

@Article{Hu2017,
  author    = {Junying Hu and Jiang{-}She Zhang and Nannan Ji and Chunxia Zhang},
  journal   = {Knowledge-Based Systems},
  title     = {A new regularized restricted Boltzmann machine based on class preserving},
  year      = {2017},
  pages     = {1--12},
  volume    = {123},
  bibsource = {dblp computer science bibliography, https://dblp.org},
  biburl    = {https://dblp.org/rec/journals/kbs/HuZJZ17.bib},
  doi       = {10.1016/j.knosys.2017.02.012},
  id        = {73 - A new regularized restricted Boltzmann machine based on class preserving},
}

@Article{AlSalemi2018,
  author    = {Bassam Al{-}Salemi and Masri Ayob and Shahrul Azman Mohd. Noah},
  journal   = {Expert Systems with Applications},
  title     = {Feature ranking for enhancing boosting-based multi-label text categorization},
  year      = {2018},
  pages     = {531--543},
  volume    = {113},
  bibsource = {dblp computer science bibliography, https://dblp.org},
  biburl    = {https://dblp.org/rec/journals/eswa/Al-SalemiAN18.bib},
  doi       = {10.1016/j.eswa.2018.07.024},
  id        = {88 - Feature ranking for enhancing boosting-based multi-label text categorization},
}

@Article{AlSalemi2016,
  author    = {Bassam Al{-}Salemi and Shahrul Azman Mohd. Noah and Mohd Juzaiddin Ab Aziz},
  journal   = {Knowledge-Based Systems},
  title     = {RFBoost: An improved multi-label boosting algorithm and its application to text categorisation},
  year      = {2016},
  pages     = {104--117},
  volume    = {103},
  bibsource = {dblp computer science bibliography, https://dblp.org},
  biburl    = {https://dblp.org/rec/journals/kbs/Al-SalemiNA16.bib},
  doi       = {10.1016/j.knosys.2016.03.029},
  id        = {63 - RFBoost An improve d multi-lab el boosting algorithm and its application to text categorisation},
}

@Article{Li2020,
  author    = {Pengfei Li and Kezhi Mao and Yuecong Xu and Qi Li and Jiaheng Zhang},
  journal   = {Knowledge-Based Systems},
  title     = {Bag-of-Concepts representation for document classification based on automatic knowledge acquisition from probabilistic knowledge base},
  year      = {2020},
  pages     = {105436},
  volume    = {193},
  bibsource = {dblp computer science bibliography, https://dblp.org},
  biburl    = {https://dblp.org/rec/journals/kbs/LiMXLZ20.bib},
  doi       = {10.1016/j.knosys.2019.105436},
  id        = {62 - Bag-of-Concepts representation for document classification based on automatic knowledge acquisition from probabilistic knowledge base},
}

@Article{Qian2007,
  author    = {Tieyun Qian and Hui Xiong and Yuanzhen Wang and Enhong Chen},
  journal   = {Information Sciences},
  title     = {On the strength of hyperclique patterns for text categorization},
  year      = {2007},
  number    = {19},
  pages     = {4040--4058},
  volume    = {177},
  bibsource = {dblp computer science bibliography, https://dblp.org},
  biburl    = {https://dblp.org/rec/journals/isci/QianXWC07.bib},
  doi       = {10.1016/j.ins.2007.04.005},
  id        = {54 - On the strength of hyperclique patterns for text categorization},
}

@Article{Rehman2017,
  author    = {Abdur Rehman and Kashif Javed and Haroon A. Babri},
  journal   = {Information Processing and Management},
  title     = {Feature selection based on a normalized difference measure for text classification},
  year      = {2017},
  number    = {2},
  pages     = {473--489},
  volume    = {53},
  bibsource = {dblp computer science bibliography, https://dblp.org},
  biburl    = {https://dblp.org/rec/journals/ipm/RehmanJB17.bib},
  doi       = {10.1016/j.ipm.2016.12.004},
  id        = {93 - Feature selection based on a normalized difference measure for text classification},
}

@InProceedings{Li2010,
  author    = {Baoli Li and Carl Vogel},
  booktitle = {Advances in Artificial Intelligence, 23rd Canadian Conference on Artificial Intelligence, Canadian, {AI} 2010, Ottawa, Canada, May 31 - June 2, 2010. Proceedings},
  title     = {Improving Multiclass Text Classification with Error-Correcting Output Coding and Sub-class Partitions},
  year      = {2010},
  editor    = {Atefeh Farzindar and Vlado Keselj},
  pages     = {4--15},
  publisher = {Springer},
  series    = {Lecture Notes in Computer Science},
  volume    = {6085},
  bibsource = {dblp computer science bibliography, https://dblp.org},
  biburl    = {https://dblp.org/rec/conf/ai/LiV10.bib},
  doi       = {10.1007/978-3-642-13059-5\_4},
  id        = {121 - Improving Multiclass Text Classification with Error-Correcting Output Coding and Sub-class Partitions},
  url       = {https://doi.org/10.1007/978-3-642-13059-5_4},
}

@Article{Sun2009,
  author    = {Aixin Sun and Ee{-}Peng Lim and Ying Liu},
  journal   = {Decision Support System},
  title     = {On strategies for imbalanced text classification using {SVM:} {A} comparative study},
  year      = {2009},
  number    = {1},
  pages     = {191--201},
  volume    = {48},
  bibsource = {dblp computer science bibliography, https://dblp.org},
  biburl    = {https://dblp.org/rec/journals/dss/SunLL09.bib},
  doi       = {10.1016/j.dss.2009.07.011},
  id        = {50 - On strategies for imbalanced text classification using SVM A comparative study},
}

@InProceedings{Wang2016,
  author    = {Fen Wang and Xiaoxuan Li and Xiaotao Huang and Ling Kang},
  booktitle = {Mobile, Secure, and Programmable Networking - Second International Conference, {MSPN} 2016, Paris, France, June 1-3, 2016, Revised Selected Papers},
  title     = {Improved Document Feature Selection with Categorical Parameter for Text Classification},
  year      = {2016},
  editor    = {Selma Boumerdassi and {\'{E}}ric Renault and Samia Bouzefrane},
  pages     = {86--98},
  publisher = {Springer},
  series    = {Lecture Notes in Computer Science},
  volume    = {10026},
  bibsource = {dblp computer science bibliography, https://dblp.org},
  biburl    = {https://dblp.org/rec/conf/mspn/WangLHK16.bib},
  doi       = {10.1007/978-3-319-50463-6\_8},
  id        = {66 - Improved Document Feature Selection with Categorical Parameter for Text Classification},
  url       = {https://doi.org/10.1007/978-3-319-50463-6_8},
}

@Article{Li2016a,
  author    = {Jianqiang Li and Jing Li and Xianghua Fu and Md Abdul Masud and Joshua Zhexue Huang},
  journal   = {Knowledge-Based Systems},
  title     = {Learning distributed word representation with multi-contextual mixed embedding},
  year      = {2016},
  pages     = {220--230},
  volume    = {106},
  bibsource = {dblp computer science bibliography, https://dblp.org},
  biburl    = {https://dblp.org/rec/journals/kbs/LiLFMH16.bib},
  doi       = {10.1016/j.knosys.2016.05.045},
  id        = {22 - Learning distributed word representation with multi-contextual mixed embedding},
}

@Article{Li2004,
  author    = {Baoli Li and Qin Lu and Shiwen Yu},
  journal   = {{ACM} Transactions on Asian Language Information Processing},
  title     = {An adaptive k-nearest neighbor text categorization strategy},
  year      = {2004},
  number    = {4},
  pages     = {215--226},
  volume    = {3},
  bibsource = {dblp computer science bibliography, https://dblp.org},
  biburl    = {https://dblp.org/rec/journals/talip/BaoliQS04.bib},
  doi       = {10.1145/1039621.1039623},
  id        = {235 - An Adaptive k-Nearest Neighbor Text Categorization Strategy},
}

@Article{Cai2012,
  author    = {Deng Cai and Xiaofei He},
  journal   = {IEEE Transactions on Knowledge and Data Engineering},
  title     = {Manifold Adaptive Experimental Design for Text Categorization},
  year      = {2012},
  number    = {4},
  pages     = {707--719},
  volume    = {24},
  bibsource = {dblp computer science bibliography, https://dblp.org},
  biburl    = {https://dblp.org/rec/journals/tkde/CaiH12.bib},
  doi       = {10.1109/TKDE.2011.104},
  id        = {29 - Manifold Adaptive Experimental Design for Text Categorization},
}

@InProceedings{Kusner2015,
  author    = {Matt J. Kusner and Yu Sun and Nicholas I. Kolkin and Kilian Q. Weinberger},
  booktitle = {Proceedings of the 32nd International Conference on Machine Learning, {ICML} 2015, Lille, France, 6-11 July 2015},
  title     = {From Word Embeddings To Document Distances},
  year      = {2015},
  editor    = {Francis R. Bach and David M. Blei},
  pages     = {957--966},
  publisher = {JMLR.org},
  series    = {{JMLR} Workshop and Conference Proceedings},
  volume    = {37},
  bibsource = {dblp computer science bibliography, https://dblp.org},
  biburl    = {https://dblp.org/rec/conf/icml/KusnerSKW15.bib},
  id        = {138 - From Word Embeddings To Document Distances},
  url       = {http://proceedings.mlr.press/v37/kusnerb15.html},
}

@Article{Tang2016a,
  author    = {Bo Tang and Steven Kay and Haibo He},
  journal   = {{IEEE} Transactions on Knowledge and Data Engineering},
  title     = {Toward Optimal Feature Selection in Naive Bayes for Text Categorization},
  year      = {2016},
  number    = {9},
  pages     = {2508--2521},
  volume    = {28},
  bibsource = {dblp computer science bibliography, https://dblp.org},
  biburl    = {https://dblp.org/rec/journals/tkde/TangKH16.bib},
  doi       = {10.1109/TKDE.2016.2563436},
  id        = {18 - Toward Optimal Feature Selection in Naive bayes for text categorization},
}

@Article{Rehman2015,
  author    = {Abdur Rehman and Kashif Javed and Haroon A. Babri and Mehreen Saeed},
  journal   = {Expert Systems with Applications},
  title     = {Relative discrimination criterion - {A} novel feature ranking method for text data},
  year      = {2015},
  number    = {7},
  pages     = {3670--3681},
  volume    = {42},
  bibsource = {dblp computer science bibliography, https://dblp.org},
  biburl    = {https://dblp.org/rec/journals/eswa/RehmanJBS15.bib},
  doi       = {10.1016/j.eswa.2014.12.013},
  id        = {218 - Relative discrimination criterion - A novel feature ranking method},
}

@Article{Berge2019,
  author    = {Geir Thore Berge and Ole{-}Christoffer Granmo and Tor Oddbj{\o}rn Tveit and Morten Goodwin and Lei Jiao and Bernt Viggo Matheussen},
  journal   = {{IEEE} Access},
  title     = {Using the Tsetlin Machine to Learn Human-Interpretable Rules for High-Accuracy Text Categorization With Medical Applications},
  year      = {2019},
  pages     = {115134--115146},
  volume    = {7},
  bibsource = {dblp computer science bibliography, https://dblp.org},
  biburl    = {https://dblp.org/rec/journals/access/BergeGTGJM19.bib},
  doi       = {10.1109/ACCESS.2019.2935416},
  id        = {13 - Using the Tsetlin Machine to Learn Human-Interpretables},
}

@InProceedings{Zhang2005,
  author    = {Dell Zhang and Xi Chen and Wee Sun Lee},
  booktitle = {{SIGIR} 2005: Proceedings of the 28th Annual International {ACM} {SIGIR} Conference on Research and Development in Information Retrieval, Salvador, Brazil, August 15-19, 2005},
  title     = {Text classification with kernels on the multinomial manifold},
  year      = {2005},
  editor    = {Ricardo A. Baeza{-}Yates and Nivio Ziviani and Gary Marchionini and Alistair Moffat and John Tait},
  pages     = {266--273},
  publisher = {{ACM}},
  bibsource = {dblp computer science bibliography, https://dblp.org},
  biburl    = {https://dblp.org/rec/conf/sigir/ZhangCL05.bib},
  doi       = {10.1145/1076034.1076081},
  id        = {2005 - Text Classification with Kernels on the Multinom},
}

@Article{Kim2019,
  author    = {DongHwa Kim and Deokseong Seo and Suhyoun Cho and Pilsung Kang},
  journal   = {Information Sciences},
  title     = {Multi-co-training for document classification using various document representations: TF-IDF, LDA, and Doc2Vec},
  year      = {2019},
  pages     = {15--29},
  volume    = {477},
  bibsource = {dblp computer science bibliography, https://dblp.org},
  biburl    = {https://dblp.org/rec/journals/isci/KimSCK19.bib},
  doi       = {10.1016/j.ins.2018.10.006},
  id        = {129 - Multi-co-training for document classification using various document representations TF-IDF LDA and Doc2Vec},
}

@Article{Genkin2007,
  author    = {Alexander Genkin and David D. Lewis and David Madigan},
  journal   = {Technometrics},
  title     = {Large-Scale Bayesian Logistic Regression for Text Categorization},
  year      = {2007},
  number    = {3},
  pages     = {291--304},
  volume    = {49},
  bibsource = {dblp computer science bibliography, https://dblp.org},
  biburl    = {https://dblp.org/rec/journals/technometrics/GenkinLM07.bib},
  doi       = {10.1198/004017007000000245},
  id        = {239 - Large-Scale Bayesian Logistic Regression for Text Categorization},
}

@Article{Feng2017,
  author    = {Xiaoyue Feng and Yanchun Liang and Xiaohu Shi and Dong Xu and Xu Wang and Renchu Guan},
  journal   = {Entropy},
  title     = {Overfitting Reduction of Text Classification Based on AdaBELM},
  year      = {2017},
  number    = {7},
  pages     = {330},
  volume    = {19},
  bibsource = {dblp computer science bibliography, https://dblp.org},
  biburl    = {https://dblp.org/rec/journals/entropy/FengLSXWG17.bib},
  doi       = {10.3390/e19070330},
  id        = {140 - Overfitting Reduction of Text Classification Based on AdaBELM},
}

@Article{Pavlinek2017,
  author    = {Miha Pavlinek and Vili Podgorelec},
  journal   = {Expert Systems with Applications},
  title     = {Text classification method based on self-training and {LDA} topic models},
  year      = {2017},
  pages     = {83--93},
  volume    = {80},
  bibsource = {dblp computer science bibliography, https://dblp.org},
  biburl    = {https://dblp.org/rec/journals/eswa/PavlinekP17.bib},
  doi       = {10.1016/j.eswa.2017.03.020},
  id        = {53 - Text classification method based on self-training and LDA topic models},
}

@Article{Tang2020,
  author    = {Zhong Tang and Wenqiang Li and Yan Li},
  journal   = {Concurrency and Computation: Practice and Experience},
  title     = {An improved term weighting scheme for text classification},
  year      = {2020},
  number    = {9},
  volume    = {32},
  bibsource = {dblp computer science bibliography, https://dblp.org},
  biburl    = {https://dblp.org/rec/journals/concurrency/TangLL20.bib},
  doi       = {10.1002/cpe.5604},
  id        = {236 - An improved term weighting scheme for text classification},
}

@Article{Brockmeier2018,
  author    = {Austin J. Brockmeier and Tingting Mu and Sophia Ananiadou and John Yannis Goulermas},
  journal   = {{IEEE} Transactions on Knowledge and Data Engineering},
  title     = {Self-Tuned Descriptive Document Clustering Using a Predictive Network},
  year      = {2018},
  number    = {10},
  pages     = {1929--1942},
  volume    = {30},
  bibsource = {dblp computer science bibliography, https://dblp.org},
  biburl    = {https://dblp.org/rec/journals/tkde/BrockmeierMAG18.bib},
  doi       = {10.1109/TKDE.2017.2781721},
  id        = {10 - Self-Tuned Descriptive Document Clustering Using a Predictive Network},
}

@Article{Tiwari2019,
  author    = {Prayag Tiwari and Massimo Melucci},
  journal   = {{IEEE} Access},
  title     = {Towards a Quantum-Inspired Binary Classifier},
  year      = {2019},
  pages     = {42354--42372},
  volume    = {7},
  bibsource = {dblp computer science bibliography, https://dblp.org},
  biburl    = {https://dblp.org/rec/journals/access/TiwariM19.bib},
  doi       = {10.1109/ACCESS.2019.2904624},
  id        = {59 - Towards a Quantum-Inspired Binary Classifier},
}

@Article{Pang2015,
  author    = {Guansong Pang and Huidong Jin and Shengyi Jiang},
  journal   = {Data Mining and Knowledge Discovery},
  title     = {CenKNN: a scalable and effective text classifier},
  year      = {2015},
  number    = {3},
  pages     = {593--625},
  volume    = {29},
  bibsource = {dblp computer science bibliography, https://dblp.org},
  biburl    = {https://dblp.org/rec/journals/datamine/PangJJ15.bib},
  doi       = {10.1007/s10618-014-0358-x},
  id        = {80 - CenKNN a scalable and effective text classifier},
}

@Article{Arras2017,
  author    = {Arras, Leila AND Horn, Franziska AND Montavon, Grégoire AND Müller, Klaus-Robert AND Samek, Wojciech},
  journal   = {PLOS ONE},
  title     = {"What is relevant in a text document?": An interpretable machine learning approach},
  year      = {2017},
  month     = {08},
  number    = {8},
  pages     = {1-23},
  volume    = {12},
  doi       = {10.1371/journal.pone.0181142},
  id        = {152 - What is relevant in a text document},
  publisher = {Public Library of Science},
  url       = {https://doi.org/10.1371/journal.pone.0181142},
}

@Comment{jabref-meta: databaseType:bibtex;}
